@misc{Kieu,
  author = {T. Kieu},
  title = {{Galerkin Finite Element Method for Generalized Forchheimer Equation of Slightly Compressible Fluids in Porous Media}},
  year = {2015},
  howpublished = {\url{https://arxiv.org/pdf/1508.00294.pdf}}
}

