@article{Charlie,
  title={Computation of geometric partial differential equations and mean curvature flow},
  author={Deckelnick, Klaus and Dziuk, Gerhard and Elliott, Charles M},
  journal={Acta numerica},
  volume={14},
  pages={139--232},
  year={2005},
  publisher={Cambridge University Press}
}

@article{Dune-Fem-Paper,
  author = {A. Dedner and R. Klofkorn and M. Nolte and M. Ohlberger},
  title = {{A generic interface for parallel and adaptive discretization schemes: abstraction principles and the DUNE-FEM module}},
  year = {2010},
  journal = {Computing},
  number = 90,
  pages = {165--196}
}

@article{Dune-Grid-Paper,
  author = {P. Bastian and M. Blatt and A. Dedner and C. Engwer and R. Kofkorn and R. Kornhuber and M. Ohlberger and O. Sander},
  title = {{A Generic Grid Interface for Parallel and Adaptive Scientific Computing. Part II: Implementation and Tests in DUNE}},
  year = {2008},
  journal = {Computing},
  number = {82(2-3)},
  pages = {121--138}
}

@inproceedings{Dune-Istl-Paper,
  title={The iterative solver template library},
  author={Blatt, Markus and Bastian, Peter},
  booktitle={International Workshop on Applied Parallel Computing},
  pages={666--675},
  year={2006},
  organization={Springer}
}

@article{Dune-Python-Paper,
  author = {A. Dedner and M. Nolte},
  title = {{The DUNE-PYTHON Module}},
  year = {2018},
  journal = {Archive of Numerical Software}
}

@misc{Kieu,
  author = {T. Kieu},
  title = {{Galerkin Finite Element Method for Generalized Forchheimer Equation of Slightly Compressible Fluids in Porous Media}},
  year = {2015},
  howpublished = {\url{https://arxiv.org/pdf/1508.00294.pdf}}
}

@article{Malladi,
  title={Image processing: Flows under min/max curvature and mean curvature},
  author={Malladi, Ravi and Sethian, James A.},
  journal={Graphical models and image processing},
  volume={58},
  number={2},
  pages={127--141},
  year={1996},
  publisher={Academic Press}
}

@article{Matplotlib-Paper,
  title={Matplotlib: A 2D graphics environment},
  author={Hunter, John D},
  journal={Computing in science and engineering},
  volume={9},
  number={3},
  pages={90--95},
  year={2007},
  publisher={IEEE}
}

@book{NumPy-Paper,
  title={A guide to NumPy},
  author={Oliphant, Travis E},
  volume={1},
  year={2006},
  publisher={Trelgol Publishing USA}
}

@article{Paraview-Paper,
  title={Paraview: An end-user tool for large data visualization},
  author={Ahrens, James and Geveci, Berk and Law, Charles},
  journal={The visualization handbook},
  volume={717},
  year={2005},
  publisher={Elsevier Munchen}
}

@misc{PETSc-Paper,
  author = {Satish Balay and Shrirang Abhyankar and Mark~F. Adams and Jed Brown and Peter Brune
           and Kris Buschelman and Lisandro Dalcin and Alp Dener and Victor Eijkhout and William~D. Gropp
           and Dinesh Kaushik and Matthew~G. Knepley and Dave~A. May and Lois Curfman McInnes
           and Richard Tran Mills and Todd Munson and Karl Rupp and Patrick Sanan
           and Barry~F. Smith and Stefano Zampini and Hong Zhang and Hong Zhang},
  title =  {{PETS}c {W}eb page},
  url =    {http://www.mcs.anl.gov/petsc},
  howpublished = {\url{http://www.mcs.anl.gov/petsc}},
  year = {2018}
}

@article{PETSc4Py-Paper,
  title={Parallel distributed computing using Python},
  author={Dalcin, Lisandro D and Paz, Rodrigo R and Kler, Pablo A and Cosimo, Alejandro},
  journal={Advances in Water Resources},
  volume={34},
  number={9},
  pages={1124--1139},
  year={2011},
  publisher={Elsevier}
}

@misc{Pybind11-Paper,
   author = {Wenzel, J. and Rhinelander, J. and Moldovan, D.},
   year = {2017},
   note = {https://github.com/pybind/pybind11},
   title = {pybind11 -- Seamless operability between C++11 and Python}
}

@misc{SciPy-Paper,
  author =    {Eric Jones and Travis Oliphant and Pearu Peterson and others},
  title =     {{SciPy}: Open source scientific tools for {Python}},
  year =      {2001--},
  url = "http://www.scipy.org/",
  note = {[Online; accessed <today>]}
}

@misc{UFL-Paper,
  author = {M. Alnaes and A. Logg and K. Olgaard and M. Rognes and G. Wells},
  title = {{A Unified Form Language: A domain-specific language for weak formulations of partial differential equations}},
  year = {2013},
  howpublished = {\url{http://arxiv.org/pdf/1211.4047v2.pdf}}
}

@article{TwoPhaseFlow,
  author = {Dedner, Andreas and Kane, Birane and Klofkorn, Robert and Nolte, Martin},
  year = {2018},
  month = {10},
  pages = {},
  title = {Python Framework for HP Adaptive Discontinuous Galerkin Methods for Two-Phase Flow in Porous Media},
  volume = {67},
  journal = {Applied Mathematical Modelling},
  doi = {10.1016/j.apm.2018.10.013}
}
